<?xml version="1.0" encoding="UTF-8"?><collection xmlns="http://www.loc.gov/MARC21/slim"><record><leader>00300nam--2200121-i-4500</leader><controlfield tag="001">000018443</controlfield><controlfield tag="002">20161230</controlfield><controlfield tag="005">20161230201032</controlfield><controlfield tag="008">060222s1000------------r-----000-0-eng-d</controlfield><datafield ind1=" " ind2=" " tag="080"><subfield code="a">0301=50</subfield></datafield><datafield ind1=" " ind2=" " tag="245"><subfield code="a">Enciclopedia della civilta atomica</subfield></datafield><datafield ind1=" " ind2=" " tag="260"><subfield code="a">Milano, Il Saggiatore, 1959</subfield></datafield><datafield ind1=" " ind2=" " tag="852"><subfield code="a">621.039(038)=50</subfield></datafield></record></collection>